<record><leader>00000cas a22000007a 4500</leader><controlfield tag="001">20242290</controlfield><controlfield tag="008">890824d18931931coudn ne      0    0eng d</controlfield><datafield ind1=" " ind2=" " tag="010"><subfield code="a">sn 89052241 </subfield></datafield><datafield ind1=" " ind2=" " tag="040"><subfield code="a">CNQ</subfield><subfield code="b">eng</subfield><subfield code="c">CNQ</subfield><subfield code="d">OCLCQ</subfield></datafield><datafield ind1=" " ind2=" " tag="042"><subfield code="a">msc</subfield></datafield><datafield ind1="0" ind2=" " tag="130"><subfield code="a">Daily times (Longmont, Colo. : 1893)</subfield></datafield><datafield ind1="1" ind2="4" tag="245"><subfield code="a">The daily times.</subfield></datafield><datafield ind1="1" ind2="7" tag="246"><subfield code="a">Longmont daily times</subfield></datafield><datafield ind1=" " ind2=" " tag="260"><subfield code="a">Longmont, Colo. :</subfield><subfield code="b">[s.n.]</subfield></datafield><datafield ind1=" " ind2=" " tag="300"><subfield code="a">v.</subfield></datafield><datafield ind1=" " ind2=" " tag="310"><subfield code="a">Daily (except Sun.)</subfield></datafield><datafield ind1="1" ind2=" " tag="362"><subfield code="a">Began in 1893? Ceased in 1931?</subfield></datafield><datafield ind1=" " ind2=" " tag="530"><subfield code="a">Available on microfilm from the Colorado Historical Society.</subfield></datafield><datafield ind1=" " ind2=" " tag="588"><subfield code="a">Description based on: Vol. 4, no. 13 (Dec. 30, 1896).</subfield></datafield><datafield ind1=" " ind2=" " tag="752"><subfield code="a">United States</subfield><subfield code="b">Colorado</subfield><subfield code="c">Boulder</subfield><subfield code="d">Longmont.</subfield></datafield><datafield ind1="0" ind2="7" tag="785"><subfield code="t">Longmont call</subfield><subfield code="w">(DLC)sn 89052242</subfield></datafield><datafield ind1="0" ind2="7" tag="785"><subfield code="t">Longmont times-call</subfield><subfield code="w">(DLC)sn 89052259</subfield></datafield></record>